@article{manak2017hybrid,
    author = {Martin Manak and Michal Zemek and Jakub Szkandera and Ivana Kolingerova and Elena Papaleo and Matteo Lambrughi},
    title = {Hybrid {Voronoi} diagrams, their computation and reduction for applications in computational biochemistry},
    journal = {Journal of Molecular Graphics and Modelling},
    volume = {74},
    number = {},
    pages = {225-233},
    year = {2017},
    issn = {1093-3263},
    doi = {10.1016/j.jmgm.2017.03.018},
    url = {http://www.sciencedirect.com/science/article/pii/S1093326316304272},
}


@inproceedings{vonasek2017tunnel,
	author = "V. Vonasek and B. Kozlikova",
	booktitle = "2017 11th International Workshop on Robot Motion and Control (RoMoCo)",
	title = "Tunnel detection in protein structures using sampling-based motion planning",
	year = 2017,
	pages = "185-192",
	doi = "10.1109/RoMoCo.2017.8003911",
	pdf = "data/papers/romoco2017_vonasek.pdf",
	month = "July"
}


